@inproceedings{tejas,
  title={Tejas: A java based versatile micro-architectural simulator},
  author={Sarangi, Smruti R and Kalayappan, Rajshekar and Kallurkar, Prathmesh and Goel, Seep and Peter, Eldhose},
  booktitle={International Workshop on Power and Timing Modeling, Optimization and Simulation (PATMOS)},
  year={2015},
}
