@inproceedings{tejas,
        title = { {ParTejas}: A Parallel Simulator for Multicore Processors},
        author = {Malhotra, G. and Aggarwal, P. and Sagar, A. and Sarangi, S. 
R.},
        year = {2014},
        booktitle = {ISPASS}
}
