@article{malhotragputejas,
  title={GpuTejas: A Parallel Simulator for GPU Architectures},
  author={Malhotra, Geetika and Goel, Seep and Sarangi, Smruti R and Khas, Hauz},
  year = {2014},
  booktitle = {HiPC}
}

